4988 6550
1319 495 1549 564 ..4-

550 705 745 788 marginales
769 725 898 790 quoque
916 707 987 772 illas
1010 707 1209 769 coniecturas
1231 704 1450 790 lectionesque
1465 726 1484 770 a
1497 705 1644 770 Behhero
1664 723 1706 766 ex
1727 707 1814 787 parte
1833 707 1957 767 tantum
1980 701 2100 782 ababa,
2120 719 2313 784 quamquam

505 899 509 905 Ι
545 842 660 906 reapse
682 828 851 910 perpaucis
873 828 1017 911 exceptis
1041 827 1111 889 sine
1133 826 1198 889 ullo
1219 827 1319 909 pretio
1337 831 1422 908 sunt,
1446 831 1483 890 ut
1502 827 1633 908 penitus
1656 843 1766 888 earum
1786 827 1899 886 natura
1913 801 2166 906 cognosceretur,
2187 811 2312 884 enotavi

523 963 668 1008 omnes.
713 944 839 1010 Deinde
861 949 958 1010 etiam
980 945 1106 1030 Magnis
1135 945 1309 1009 litoralibus
1339 946 1492 1028 inspectis
1520 945 1607 1020 hunc
1630 943 1769 1006 codicem
1793 945 1828 1006 in
1850 943 1910 1006 hoc
1932 943 2047 1026 scripto
2065 935 2145 1036 renui
2166 937 2213 1004 ΜΒ
2234 941 2311 1006 libro

547 1065 694 1128 eiusdem
704 1065 845 1130 familiae
858 1067 987 1130 vinculo
999 1069 1043 1130 ite
1061 1069 1216 1130 contineri
1239 1065 1395 1142 intellexi,
1412 1069 1448 1127 ut
1465 1063 1624 1127 interdum
1649 1063 1778 1147 quidem
1798 1064 1900 1146 prima
1921 1081 2036 1126 manus
2053 1083 2127 1126 cum
2143 1058 2188 1126 ΚΒ
2208 1065 2311 1146 potius

549 1187 755 1268 consentiret,
767 1187 824 1250 sed
838 1184 887 1250 ΜΒ
909 1187 1028 1251 codicis
1043 1187 1196 1251 lectiones
1219 1187 1332 1270 partim
1351 1183 1390 1248 ab
1412 1185 1482 1266 ipso
1495 1182 1633 1264 libraria,
1645 1183 1745 1246 multo
1761 1185 1889 1266 saepius
1901 1203 1919 1245 a
1931 1181 2072 1246 secunda
2090 1201 2190 1246 manu
2206 1185 2313 1245 essent

548 1308 723 1370 restitutae.
768 1306 909 1371 Domum
932 1327 1081 1372 reversus
1097 1307 1235 1370 editione
1255 1307 1398 1389 principe
1420 1304 1536 1368 Aldina
1560 1307 1738 1386 comparata
1760 1322 1832 1366 eam
1853 1322 1870 1366 e
1893 1305 2049 1366 contrario
2072 1322 2146 1366 cum
2168 1299 2214 1365 ΚΒ
2234 1303 2312 1367 libro

547 1445 723 1510 congruere
750 1427 833 1490 vidi:
861 1428 1012 1512 idemque
1042 1429 1125 1492 cadit
1154 1429 1188 1490 in
1218 1425 1257 1489 ΡΒ
1289 1427 1430 1490 codicem
1466 1423 1644 1488 Parisinum
1669 1422 1907 1506 vCoisliniauum
1931 1423 1990 1484 161
2026 1425 2060 1486 in
2083 1423 2222 1486 editione
2245 1441 2313 1486 mea

547 1543 754 1612 Politicorum
786 1551 893 1612 critica
922 1547 1066 1634 Prolegg.
1090 1571 1119 1633 p.
1144 1547 1225 1612 XVI
1252 1568 1320 1632 sqq.
1352 1553 1497 1612 accurate
1524 1544 1734 1628 descriptum,
1763 1563 1860 1626 quem
1883 1561 1941 1625 per
1962 1561 1991 1626 p.
2016 1543 2094 1605 1181
2120 1561 2166 1626 sq.
2192 1547 2226 1605 ut
2245 1543 2313 1624 ipse

548 1664 624 1728 olim
646 1666 844 1730 contuleram
865 1669 908 1730 ita
930 1667 1080 1750 precibus
1107 1669 1188 1731 meis
1217 1669 1348 1730 comiter
1373 1665 1570 1728 satisfaciens
1598 1661 1815 1746 compluribus
1836 1663 1950 1726 harum
1972 1663 2107 1726 duarum
2128 1664 2314 1746 paginarum

547 1785 625 1848 locis
648 1806 736 1849 nunc
764 1788 878 1849 iterum
909 1787 1113 1869 perlustravit
1135 1790 1184 1850 vir
1207 1789 1402 1850 clarissimus
1426 1784 1467 1848 Η.
1493 1784 1668 1863 Omontus,
1691 1789 1723 1844 et
1752 1783 1786 1844 in
1812 1785 1971 1846 vetustam
1994 1781 2232 1844 translationem
2254 1779 2315 1862 (ll,

548 1907 642 1968 cuius
665 1907 792 1969 initium
814 1926 832 1969 e
854 1907 921 1970 cod.
946 1905 1045 1970 Paris.
1063 1909 1145 1970 6307
1162 1908 1339 1990 divulgavit
1352 1905 1556 1968 lourdainius
1581 1903 1789 1985 „Geschichte
1812 1901 1868 1964 der
1886 1901 2137 1964 aristotelischen
2159 1899 2313 1965 Schriften

548 2025 593 2086 im
615 2023 804 2104 blittelalter,
827 2023 932 2088 iibens.
954 2046 984 2086 v.
1008 2027 1067 2088 Ad.
1091 2025 1197 2106 Stahr,
1226 2024 1298 2088 Hal.
1325 2026 1438 2104 183l“,
1465 2043 1495 2106 p.
1519 2025 1582 2087 400
1605 2043 1651 2107 sq.
1684 2029 1779 2107 atque
1801 2025 1835 2086 in
1856 2041 1964 2085 meum
1987 2041 2085 2084 usum
2107 2041 2166 2103 per
2187 2018 2314 2082 easdem

455 2143 459 2151 '
547 2144 683 2226 paginas
705 2163 723 2206 e
745 2145 854 2208 codice
885 2145 1071 2209 llonaccnsi
1094 2147 1172 2226 306,
1196 2166 1259 2228 qua
1288 2149 1336 2208 est
1366 2143 1569 2224 liberalitate,
1599 2145 1771 2226 exscripsit
1800 2144 1849 2205 vir
1870 2143 2011 2205 eximius
2034 2140 2165 2204 Carolus
2187 2139 2312 2202 Meiser.

548 2261 669 2326 Extant
690 2265 787 2348 igitur
810 2265 891 2328 duae
924 2269 1029 2348 operis
1057 2268 1263 2338 recensiones
1291 2265 1336 2328 11¹
1362 2297 1395 2315 ε
1420 2261 1464 2326 ΚΒ
1487 2263 1558 2326 Ald.
1588 2261 1641 2344 (ΡΒ
1664 2262 1702 2345 Γ)
1725 2269 1756 2326 et
1778 2264 1825 2325 ΙΙ2
1846 2260 1893 2326 ΜΒ
1916 2261 1974 2344 ΡΒ,
2013 2263 2068 2326 illa
2107 2261 2315 2343 praestantior

549 2383 753 2466 quiden1,at
780 2385 857 2448 haec
888 2405 1016 2469 quoque
1044 2388 1178 2448 minime
1208 2387 1451 2448 contemnenda.
1497 2381 1541 2447 ΚΒ
1567 2389 1674 2448 autem
1699 2385 1818 2467 egregii
1840 2383 1912 2446 libri
1935 2403 2052 2446 novam
2074 2381 2274 2446 collationem
2296 2399 2315 2442 a

547 2499 630 2565 Rud.
661 2503 817 2567 Schoellio
848 2508 1085 2569 accuratissime
1114 2506 1285 2588 perlectam
1311 2503 1448 2568 Rassovi
1476 2505 1664 2589 benignitati
1697 2503 1813 2584 debeo,
1842 2505 1897 2586 qui
1927 2505 2052 2567 etiamsi
2080 2525 2161 2588 quae
2185 2509 2314 2570 maioris

548 2627 701 2686 momenti
725 2625 861 2687 suntad
884 2633 1069 2708 apparatum
1096 2625 1333 2689 Belrherianum
1361 2625 1597 2688 emendandum
1626 2645 1668 2688 ex
1691 2625 1751 2688 hoc
1773 2621 1879 2686 labore
1902 2627 1965 2687 iam
1989 2625 2110 2707 publici
2132 2629 2211 2690 iuris
2232 2627 2315 2708 fecit,

548 2761 608 2825 ego
631 2744 841 2808 nihilominus
863 2747 985 2825 omnia,
1017 2767 1099 2829 quae
1121 2746 1249 2810 Bethar
1270 2747 1413 2830 neglexit
1434 2751 1490 2810 aut
1508 2747 1588 2810 falso
1607 2747 1660 2809 vcl
1683 2767 1747 2810 non
1771 2749 1847 2810 satis
1870 2756 2014 2810 accurate
2035 2747 2165 2828 rettulit,
2188 2745 2315 2810 Schoel·

546 2863 611 2928 lius
634 2863 815 2927 observavit
834 2871 929 2948 atquc
952 2866 1110 2946 arietavit,
1138 2867 1196 2929 hoc
1223 2867 1291 2930 loco
1318 2867 1465 2951 colligam
1493 2886 1534 2930 ne
1567 2868 1648 2930 ullas
1675 2867 1805 2950 quidem
1838 2869 1989 2948 minutias
2013 2869 2313 2950 praetermissurus:

548 2987 626 3068 quin
652 2987 747 3047 ctiam
780 2985 865 3048 haud
895 3005 996 3068 panca
1026 2992 1183 3069 repetam,
1219 3007 1301 3070 quae
1332 2990 1394 3050 iam
1418 2989 1502 3070 apud
1529 2987 1708 3052 Behherum
1730 2989 1957 3066 inveniuntur,
1987 2986 2042 3050 ubi
2076 3006 2155 3070 opus
2187 2988 2247 3050 erit
2275 2986 2316 3049 ad

547 3105 684 3168 duarum
705 3105 831 3168 illarum
852 3108 1078 3170 recensionum
1094 3106 1280 3170 discrimina
1297 3110 1524 3190 pernoscenda.
1556 3107 1665 3190 Ipsius
1686 3107 1793 3170 librari
1809 3109 2001 3172 mutationes
2024 3109 2114 3169 corr.¹
2137 3104 2315 3190 appellabo,

548 3227 642 3287 trium
674 3231 883 3288 correctorum
912 3227 1124 3289 recentiorum
1150 3226 1269 3290 ccrr.²·³
1290 3248 1350 3309 rc,
1379 3228 1434 3291 ubi
1457 3229 1490 3291 in
1513 3227 1657 3312 margine
1680 3231 1846 3312 apparent,
1879 3228 1938 3290 hoc
1960 3231 2121 3310 praeterea
2142 3245 2205 3309 mg.
2230 3245 2316 3289 com-

546 3343 663 3428 pendio
687 3344 883 3428 significabo.
929 3345 1010 3408 Cum
1040 3365 1117 3408 vero
1149 3349 1290 3429 suspicio
1318 3347 1393 3410 mihi
1428 3355 1514 3411 esset
1536 3367 1578 3410 ex
1605 3348 1655 3410 his
1678 3349 1771 3410 novis
1789 3345 2012 3409 collationibus
2034 3349 2139 3408 coorta
2158 3347 2254 3408 etiam
2275 3344 2314 3408 de

547 3461 595 3527 ΜΒ
616 3463 696 3528 libro
719 3463 880 3528 Marciano
904 3463 1045 3546 Veneto,
1075 3467 1113 3528 de
1147 3487 1211 3550 quo
1235 3485 1317 3550 quae
1340 3469 1421 3529 scitu
1446 3467 1542 3550 digna
1565 3469 1640 3530 sunt
1660 3469 1772 3530 monui
1795 3465 1813 3529 l.
1838 3467 1856 3528 l.
1883 3487 1912 3550 p.
1938 3464 2031 3529 XXV
2053 3485 2119 3550 sq,
2148 3484 2255 3549 neque
2279 3467 2314 3528 in

545 3583 667 3647 Ethicis
688 3583 854 3647 Eudemiis
876 3604 982 3668 neque
1004 3588 1037 3648 in
1061 3584 1185 3670 Magnis
1207 3585 1380 3650 Moralibus
1403 3605 1475 3650 esse
1498 3588 1606 3650 omnia
1627 3587 1702 3649 satis
1725 3591 1808 3649 recte
1831 3605 1850 3649 a
1871 3585 2015 3650 Bellero
2037 3585 2145 3666 relata,
2167 3584 2315 3668 precibus

545 3705 627 3767 meis
651 3705 714 3768 adii
736 3707 822 3768 viros
844 3705 1037 3768 clarissimos
1070 3705 1246 3770 Iohannem
1269 3705 1471 3770 Veludonem
1499 3706 1708 3770 bibliothecae
1731 3705 1909 3770 Marc-ianae
1930 3706 2123 3788 praefectum
2148 3711 2179 3770 et
2200 3705 2315 3770 Hiero·

547 3844 682 3905 nymum
698 3825 866 3888 Vitellium
879 3827 1090 3909 professorem
1106 3825 1340 3890 Florentinum:
1365 3845 1423 3889 nec
1446 3826 1562 3890 frustra
1583 3829 1690 3912 petivi.
1737 3827 1845 3891 Codex
1870 3829 1956 3890 enim
1979 3825 2170 3888 Florentiam
2194 3827 2312 3889 missus

546 3944 656 4028 ibique
678 3965 697 4008 a
718 3945 847 4008 Vitellio
869 3965 943 4008 curn
967 3965 1092 4008 summa
1114 3951 1145 4008 et
1166 3948 1366 4010 accuratione
1394 3950 1426 4009 et
1453 3945 1638 4010 liberalitate
1670 3948 1817 4011 ducentis
1840 3948 1905 4010 fere
1928 3945 2006 4010 locis
2027 3965 2083 4028 pro
2107 3965 2158 4008 me
2180 3945 2312 4008 collatus

546 4070 603 4127 est.
650 4065 763 4148 Neque
787 4067 858 4128 sine
881 4085 942 4129 usu
966 4071 1055 4129 erant
1077 4085 1189 4128 omnes
1208 4065 1254 4128 illi
1276 4065 1416 4130 labores:
1441 4069 1537 4130 immo
1560 4068 1742 4132 factumest
1763 4070 1821 4150 eia,
1844 4072 1879 4130 ut
1897 4067 2046 4130 trecentis
2069 4067 2133 4128 fere
2155 4067 2234 4128 locis
2257 4084 2316 4148 per

546 4185 609 4248 duo
631 4185 709 4248 haec
733 4205 828 4269 opera
857 4187 988 4251 moralia
1016 4191 1187 4269 apparatus
1214 4185 1436 4249 Belrherianus
1466 4188 1682 4270 corrigeretur.
1741 4186 1804 4250 Ubi
1833 4205 1908 4250 vero
1934 4185 2084 4248 Vitellius
2110 4185 2196 4247 idern
2218 4186 2315 4266 atque

546 4304 674 4368 Bekker
695 4306 829 4386 invenit,
852 4325 893 4368 ne
915 4305 960 4368 ibi
984 4306 1112 4389 quidam
1136 4325 1409 4389 supervacaneum
1432 4303 1529 4368 habui
1551 4309 1642 4390 siguo
1665 4307 1742 4370 hoce
1765 4309 1803 4388 (l)
1825 4307 1930 4370 addito
1954 4307 2013 4369 hoc
2034 4305 2193 4384 adnotare,
2215 4322 2256 4366 ne
2278 4303 2315 4365 in

546 4431 710 4508 posterum
734 4426 807 4508 quis
830 4425 951 4488 eisdem
972 4444 1099 4488 mecum
1126 4426 1284 4510 scrupulis
1311 4426 1415 4489 denuo
1446 4429 1517 4488 sine
1547 4445 1644 4490 causa
1666 4433 1846 4490 vexaretur.
1901 4425 2050 4509 Denique
2074 4423 2247 4504 nonnulla,
2274 4422 2315 4485 de

546 4543 664 4627 quibus
687 4547 810 4607 interea
832 4545 910 4606 mihi
935 4549 1001 4607 crta
1022 4549 1089 4608 erat
1108 4544 1272 4626 dubitatio,
1287 4548 1321 4608 in
1344 4548 1414 4629 ipso
1434 4544 1475 4608 ΡΒ
1497 4547 1605 4609 codice
1620 4549 1736 4608 iterum
1758 4545 1962 4629 perlustravit
1983 4544 2138 4606 Ernestus
2154 4541 2314 4606 Maassius

544 4665 674 4727 iuvenis
696 4667 887 4746 acerrimus,
908 4665 1128 4744 doctissimus,
1151 4665 1418 4748 modestissimus
1439 4667 1536 4729 huius
1560 4667 1776 4729 universitatis
1801 4665 1961 4746 alumnus
1983 4665 2075 4728 cuius
2098 4665 2225 4728 laudem
2248 4683 2314 4726 non

544 4771 594 4846 est
615 4789 653 4846 ut
674 4785 721 4846 eis
744 4789 899 4864 vestrum,
922 4785 1170 4866 commilitones,
1192 4785 1386 4868 praedicem,
1411 4787 1466 4869 qui
1488 4804 1563 4848 eum
1585 4785 1689 4848 adhuc
1708 4786 1742 4847 in
1765 4789 1854 4868 grata
1874 4783 2027 4847 memoria
2044 4787 2162 4846 tenent.
2201 4783 2315 4847 Unum

543 4907 652 4983 restat,
675 4907 711 4965 ut
732 4903 883 4965 omnibus
903 4905 982 4965 viris
995 4903 1070 4984 illis,
1090 4903 1264 4986 dequibus
1285 4913 1381 4988 supra
1396 4909 1592 4970 mentionem
1608 4906 1679 4980 feci,
1702 4907 1842 4988 optimiS,
1864 4905 2067 4986 doctissimis,
2087 4903 2314 4968 illustrissimis

543 5025 661 5108 gratias
684 5043 777 5107 agam
800 5044 895 5107 quam
918 5025 1085 5088 maximas.

715 5141 783 5206 lam
806 5149 841 5206 ut
862 5144 900 5207 ad
923 5145 1026 5228 ipsam
1059 5165 1110 5208 me
1132 5166 1199 5209 rem
1222 5151 1354 5228 vertam,
1386 5147 1518 5230 accipite
1542 5148 1642 5231 primo
1663 5146 1730 5209 loco
1753 5164 1835 5228 quae
1858 5164 1913 5228 per
1934 5143 2102 5208 Moralium
2122 5162 2315 5225 magnorum

542 5281 574 5344 p.
601 5263 679 5324 1181
707 5281 754 5346 sq.
780 5281 852 5326 cum
874 5264 1055 5347 pulvisculo
1078 5271 1154 5328 sunt
1175 5284 1330 5328 excussa:
1355 5266 1400 5328 ll¹
1426 5265 1522 5330 ==Kb
1544 5265 1690 5347 P2111,
1719 5265 1767 5328 ΠΒ
1790 5294 1823 5313 --
1849 5262 1896 5328 ΜΒ
1918 5261 1969 5346 ΡΒ,
1990 5263 2017 5326 Γ
2041 5295 2073 5314 =
2097 5269 2158 5326 vet.
2183 5263 2290 5326 transl.

715 5383 794 5445 1181
820 5403 848 5464 a,
870 5383 919 5444 24.
943 5380 1065 5451 ἠθικῶν
1087 5383 1114 5446 Γ
1134 5383 1189 5460 ΚΒ,
1210 5382 1298 5454 ἠθῶν
1316 5386 1365 5447 11²
1386 5383 1425 5450 ΡΒ
1446 5389 1516 5453 hid.
1544 5396 1552 5460 {l
1579 5389 1627 5451 26.
1651 5378 1736 5450 δοκεῖ
1751 5386 1801 5448 ss*
1822 5387 1992 5470 (pallidiUS‚
2014 5385 2070 5448 sed
2091 5383 2157 5446 ead.
2181 5401 2223 5447 m.
2247 5381 2316 5465 ΡΒ),
