4988 6550
357 2679 445 2745 Inter
465 2681 607 2761 codices,
629 2679 747 2765 quibus
769 2679 882 2743 tradita
905 2679 998 2744 nobie
1020 2684 1097 2744 sunt
1118 2685 1302 2764 operatum
1324 2679 1456 2744 moralia
1476 2685 1545 2744 tum
1567 2680 1773 2742 oeconomica
1793 2679 1959 2743 Aristoteli

187 2800 314 2882 tributa,
337 2799 422 2864 haud
444 2819 521 2864 sane
543 2801 633 2884 parvi
656 2799 810 2864 momenti
831 2803 880 2862 est
895 2797 1069 2863 Vaticanus
1087 2801 1168 2863 1342
1188 2800 1451 2865 membranaceus
1474 2799 1602 2863 saeculo
1618 2797 1715 2864 ΧΝ0
1736 2801 1771 2862 in
1792 2799 1845 2863 sol.
1876 2801 1954 2863 min.

191 2924 358 3001 exaratus,
386 2917 428 2982 Pb
453 2923 528 2984 nota
555 2941 574 2984 a
599 2918 744 2984 Belrkero
772 2920 955 3004 insignitus.
1006 2918 1154 2983 Continet
1175 2919 1292 3005 Magna
1313 2919 1463 3001 Moralia,
1494 2919 1545 2984 fol.
1581 2920 1697 2983 1-2e
1725 2915 1964 3005 (Ἀριστοτέλους

188 3037 308 3110 ἠθικῶν
339 3039 551 3125 Νικομαχιίων
578 3029 720 3124 μεγάλων
749 3043 770 3100 ἄ
796 3039 864 3103 ets.
894 3041 946 3102 15²
972 3035 1091 3109 ἠθικῶν
1111 3030 1253 3126 μεγάλων
1274 3044 1338 3120 u),
1359 3039 1471 3103 Ethioa
1493 3038 1707 3104 Nicomachea
1726 3034 1856 3120 (ἠθικῶν
1877 3059 1957 3100 νικο-

192 3166 327 3247 μοιχείων
345 3164 457 3248 μικρῶν
477 3163 498 3221 ἃ
520 3163 601 3241 etc),
623 3159 675 3224 fol.
699 3162 857 3242 281-971,
880 3159 992 3226 Ethlca
1013 3160 1170 3225 Eudemia
1184 3157 1315 3242 (ἠθικῶν
1340 3151 1528 3244 εὐθημίωνᾶ
1557 3141 1626 3246 {lp
1657 3157 1686 3221 H
1709 3139 1760 3240 (ἠ),
1788 3157 1841 3222 sol.
1863 3158 1959 3223 97¹-

194 3283 280 3364 125¹,
309 3278 522 3346 Oeconomioa
550 3280 749 3366 (οἰκονομικος
770 3285 791 3342 a
813 3285 845 3344 et
865 3280 916 3344 fol.
949 3282 1007 3343 127
1028 3279 1252 3368 Ἀριστοτέλους
1277 3273 1462 3366 οἰκονομικὸς
1487 3285 1549 3362 rs),
1576 3281 1628 3344 l'ol.
1656 3281 1730 3344 125’
1743 3280 1863 3362 --132’,
1894 3299 1961 3343 cor-

191 3407 362 3486 rectusque
385 3405 434 3466 ast
455 3421 474 3465 a
494 3420 593 3464 manu
613 3402 799 3482 recentiore,
825 3402 883 3464 cui
904 3399 1066 3464 interdum
1088 3401 1184 3464 etiam
1206 3401 1298 3464 tertia
1319 3405 1351 3463 et
1371 3418 1429 3483 per
1450 3402 1642 3482 posteriores
1663 3400 1734 3464 libri
1766 3403 1872 3483 partes
1902 3401 1964 3465 for·

191 3527 277 3586 tasse
300 3525 411 3605 quartu
431 3520 560 3584 accedit.
605 3519 668 3584 Sed
690 3518 833 3584 diversas
855 3520 912 3584 has
935 3538 1051 3583 manus
1073 3518 1193 3603 ubique
1212 3525 1244 3582 ct
1265 3521 1348 3582 inter
1370 3539 1406 3582 se
1426 3523 1457 3583 et
1477 3519 1516 3582 ab
1539 3521 1643 3602 ipsius
1665 3519 1773 3584 librari
1794 3524 1963 3586 correctio·

195 3641 292 3704 nibus
308 3645 393 3704 recte
411 3641 591 3704 discernere
613 3639 740 3704 difficile
757 3659 861 3724 neque
884 3641 1026 3720 omnino,
1049 3641 1076 3702 si
1099 3640 1177 3724 quid
1196 3637 1300 3719 video,
1323 3658 1438 3722 operae
1462 3641 1600 3722 pretium
1622 3645 1679 3702 est.
1726 3639 1837 3725 Longe
1861 3643 1964 3706 maior

195 3761 427 3824 correctionum
450 3776 523 3842 pare
554 3759 732 3842 pallidiore,
763 3757 937 3822 nonnullae
959 3777 977 3820 e
999 3759 1154 3822 contrario
1179 3759 1317 3842 nigriore
1340 3763 1513 3822 atramento
1537 3767 1613 3823 sunt
1632 3763 1777 3844 scriptae.
1823 3759 1862 3825 In
1881 3763 1963 3846 ipsis

195 3877 303 3943 verbis
326 3879 487 3942 continuis
509 3898 723 3962 quamquam,
750 3883 785 3942 nt
816 3879 855 3942 de
884 3877 1083 3958 accentibus,
1113 3878 1292 3962 spiritibuS,
1322 3881 1580 3962 interpunctione
1610 3887 1748 3962 taceam,
1777 3881 1817 3944 ad
1844 3901 1963 3965 paucas

196 3999 386 4084 plerumque
407 3998 526 4062 litteras
548 4000 723 4084 pertinent,
747 4019 864 4082 magno
896 4003 1004 4062 tamen
1027 4018 1160 4063 numero
1184 4003 1276 4062 sunt:
1307 4000 1506 4084 marginibus
1535 4021 1617 4086 quae
1645 4003 1783 4065 inseriae
1812 4001 1963 4086 leguntur

195 4120 343 4202 inprimis
366 4138 423 4202 per
444 4118 556 4182 Ethica
575 4116 733 4182 Eudemia
759 4120 960 4182 coniecturae
983 4122 1154 4202 variaeque
1181 4119 1334 4184 lectiones
1358 4121 1548 4206 plerumque
1570 4123 1642 4196 ἴσως
1664 4122 1833 4205 particula,
1861 4124 1964 4186 rarius

195 4261 241 4325 γρ.
262 4257 341 4302 voce
361 4243 416 4302 aut
438 4239 526 4302 nulla
541 4236 698 4302 eiusmodi
714 4241 788 4302 nota
802 4241 988 4322 praemissa,
1010 4219 1119 4302 itidenl
1135 4240 1294 4304 secundae
1309 4241 1396 4306 illius
1412 4259 1527 4305 manus
1544 4243 1719 4304 maximam
1738 4249 1822 4305 certe
1842 4247 1965 4326 partem

197 4358 337 4442 produnt
358 4363 389 4422 et
410 4359 525 4422 ductus
547 4358 722 4422 litterarum
745 4363 776 4422 et
797 4360 963 4423 atramenti
992 4378 1106 4444 genus.
1148 4359 1268 4426 Eadem
1289 4362 1436 4444 repetivit
1466 4360 1575 4423 titulos
1600 4357 1719 4429 ἠθικῶν
1750 4361 1962 4446 Νικογικχείων

199 4469 341 4562 μεγάλων
361 4469 388 4540 δι’
414 4469 527 4564 φύλλον
557 4478 576 4540 f.
604 4480 642 4559 l‘,
672 4477 784 4560 βιβλίον
812 4480 844 4560 β
876 4477 994 4548 ἠθικῶν
1019 4481 1219 4566 νικομκχείων
1249 4471 1392 4566 μεγάλων
1415 4471 1528 4567 φύλλον
1551 4502 1575 4542 ιε
1597 4481 1616 4543 f.
1644 4482 1704 4562 15¹,
1731 4479 1850 4551 ἠθικῶν
1882 4505 1961 4544 νικο-

201 4597 336 4682 μαχιίων
357 4603 468 4685 μικρῶν
491 4599 603 4680 βιβλίον
625 4622 646 4660 α
665 4599 685 4662 f.
710 4601 770 4662 281.

365 4713 433 4779 Iam
459 4716 671 4782 Oeconomica
693 4719 801 4802 qualia
826 4720 861 4782 in
884 4719 943 4782 boc
964 4717 1072 4782 codice
1098 4717 1262 4802 legantur,
1292 4740 1311 4782 a
1333 4717 1577 4783 Wilamowitzio
1602 4725 1708 4782 nostro
1731 4719 1844 4782 certior
1863 4720 1965 4783 lactus

199 4830 261 4894 alio
283 4833 425 4914 tempore
449 4852 638 4918 proponam:
670 4855 774 4920 neque
796 4835 835 4900 de
867 4837 987 4900 litbicis
1012 4835 1233 4901 Nicomachcis
1257 4840 1372 4922 longus
1394 4859 1456 4902 ero.
1503 4839 1570 4902 Etsi
1593 4841 1680 4902 enim
1705 4841 1834 4922 saepius
1858 4838 1898 4903 Pa
1927 4838 1974 4902 ibi

199 4950 287 5014 solus
309 4953 469 5036 conspirat
489 4973 563 5018 cum
584 4956 692 5019 codice
715 4959 834 5039 optimo
857 4963 888 5020 et
909 4959 1134 5041 antiquissimo
1157 4955 1212 5038 Kb,
1240 4965 1348 5021 tamen
1370 4963 1401 5020 et
1424 4957 1570 5023 lacksoni
1593 4977 1650 5040 per
1671 4957 1789 5024 librum
1813 4961 1964 5043 quintum

199 5075 232 5136 et
253 5069 332 5134 mihi
354 5089 410 5154 per
431 5071 546 5135 decimi
567 5077 742 5155 partemin
761 5075 806 5140 Kb
838 5076 1038 5142 deficientem
1064 5077 1173 5156 illda,
1206 5077 1401 5153 li-lilla,
1424 5078 1475 5158 30,
1507 5077 1562 5141 ubi
1586 5085 1620 5140 ut
1641 5079 1712 5140 eius
1737 5079 1814 5141 milri
1838 5085 1968 5162 praesto

199 5193 285 5252 esset
302 5189 427 5252 collatio
447 5190 592 5255 eiusdem
610 5189 834 5256 Wilarnowitzi
860 5195 978 5258 factum
1002 5201 1051 5258 cst
1072 5195 1248 5275 beneficio,
1277 5196 1356 5260 nihil
1385 5195 1495 5260 habuit
1524 5197 1676 5262 utilitatis.
1716 5201 1758 5262 nt
1782 5199 1966 5264 Etbicorum

199 5307 438 5391 Eudemiorum,
460 5310 499 5373 ad
525 5331 606 5394 qnae
632 5313 700 5376 sola
721 5312 846 5378 Belrker
868 5333 942 5378 oum
964 5315 1108 5379 adtribuit
1132 5315 1346 5397 recensenda,
1367 5318 1520 5400 qnoniam
1544 5319 1683 5398 optimas
1706 5319 1776 5381 lons
1801 5333 1869 5400 cst,
1893 5339 1967 5384 curn

203 5429 353 5492 antehae
376 5449 494 5514 pancos
517 5450 645 5494 menses
668 5429 788 5496 Romae
808 5453 970 5516 versarer,
992 5439 1064 5518 post
1089 5433 1271 5500 Bellorum
1294 5436 1400 5500 denuo
1423 5455 1479 5519 per
1502 5436 1561 5500 hoc
1584 5455 1664 5519 opus
1688 5455 1763 5500 eum
1792 5439 1923 5502 excussi
1948 5443 1980 5502 et
